@article{lenzo03,
author = {Lenzo, Kevin and Black, Alan},
year = {2003},
month = {11},
pages = {},
title = {Diphone Collection And Synthesis}
}
@article{kayte15,
author = {Kayte, Sangramsing N. and Mal, Monica and Kayte, Charansing},
year = {2015},
month = {11},
pages = {5},
title = {A Review of Unit Selection Speech Synthesis},
volume = {5}
}
@book{tom_backstrom_2022_6821775,
author = {Tom Bäckström and
Okko Räsänen and
Abraham Zewoudie and
Pablo Pérez Zarazaga and
Liisa Koivusalo and
Sneha Das and
Esteban Gómez Mellado and
Mariem Bouafif Mansali and
Daniel Ramos},
title = {Introduction to Speech Processing: 2nd Edition},
publisher = {Zenodo},
year = 2022,
month = jul,
doi = {10.5281/zenodo.6821775},
url = {https://doi.org/10.5281/zenodo.6821775},
}
